@article{doran2017does,
  title={What does explainable AI really mean? A new conceptualization of perspectives},
  author={Doran, Derek and Schulz, Sarah and Besold, Tarek R},
  journal={arXiv preprint arXiv:1710.00794},
  year={2017}
}

@article{arrieta2020explainable,
  title={Explainable Artificial Intelligence (XAI): Concepts, taxonomies, opportunities and challenges toward responsible AI},
  author={Arrieta, Alejandro Barredo and D{\'\i}az-Rodr{\'\i}guez, Natalia and Del Ser, Javier and Bennetot, Adrien and Tabik, Siham and Barbado, Alberto and Garc{\'\i}a, Salvador and Gil-L{\'o}pez, Sergio and Molina, Daniel and Benjamins, Richard and others},
  journal={Information Fusion},
  volume={58},
  pages={82--115},
  year={2020},
  publisher={Elsevier}
}

@inproceedings{lime,
  author    = {Marco Tulio Ribeiro and
               Sameer Singh and
               Carlos Guestrin},
  title     = {"Why Should {I} Trust You?": Explaining the Predictions of Any Classifier},
  booktitle = {Proceedings of the 22nd {ACM} {SIGKDD} International Conference on
               Knowledge Discovery and Data Mining, San Francisco, CA, USA, August
               13-17, 2016},
  pages     = {1135--1144},
  year      = {2016},
}

@article{wan2020nbdt,
  title={NBDT: Neural-Backed Decision Trees},
  author={Wan, Alvin and Dunlap, Lisa and Ho, Daniel and Yin, Jihan and Lee, Scott and Jin, Henry and Petryk, Suzanne and Bargal, Sarah Adel and Gonzalez, Joseph E},
  journal={arXiv preprint arXiv:2004.00221},
  year={2020}
}

@article{li2018generalize,
  title={Generalize symbolic knowledge with neural rule engine},
  author={Li, Shen and Xu, Hengru and Lu, Zhengdong},
  journal={arXiv preprint arXiv:1808.10326},
  year={2018}
}

@inproceedings{kepner2018sparse,
  title={Sparse deep neural network exact solutions},
  author={Kepner, Jeremy and Gadepally, Vikalo and Jananthan, Hayden and Milechin, Lauren and Samsi, Sid},
  booktitle={2018 IEEE High Performance extreme Computing Conference (HPEC)},
  pages={1--8},
  year={2018},
  organization={IEEE}
}

@article{hou2018learning,
  title={Learning with interpretable structure from rnn},
  author={Hou, Bo-Jian and Zhou, Zhi-Hua},
  journal={arXiv preprint arXiv:1810.10708},
  year={2018}
}
